<record xmlns="http://www.loc.gov/MARC21/slim">
   <leader>07327cam a2200469 i 4500</leader>
   <controlfield tag="001">6785831</controlfield>
   <controlfield tag="003">OCoLC</controlfield>
   <controlfield tag="005">20150311114243.0</controlfield>
   <controlfield tag="008">140311s2015    ctua          001 0 eng  </controlfield>
   <datafield ind1=" " ind2=" " tag="010">
      <subfield code="a">  2014935526</subfield>
   </datafield>
   <datafield ind1=" " ind2=" " tag="020">
      <subfield code="a">9781285456546 (paperback)</subfield>
   </datafield>
   <datafield ind1=" " ind2=" " tag="020">
      <subfield code="a">1285456548 (paperback)</subfield>
   </datafield>
   <datafield ind1=" " ind2=" " tag="020">
      <subfield code="a">1285456629</subfield>
   </datafield>
   <datafield ind1=" " ind2=" " tag="020">
      <subfield code="a">9781285456621</subfield>
   </datafield>
   <datafield ind1=" " ind2=" " tag="035">
      <subfield code="a">ocn879399242</subfield>
   </datafield>
   <datafield ind1=" " ind2=" " tag="039">
      <subfield code="a">exclude</subfield>
   </datafield>
   <datafield ind1=" " ind2=" " tag="040">
      <subfield code="a">DLC</subfield>
      <subfield code="b">eng</subfield>
      <subfield code="e">rda</subfield>
      <subfield code="c">DLC</subfield>
      <subfield code="d">AU@</subfield>
      <subfield code="d">OCLCF</subfield>
      <subfield code="d">AEU</subfield>
   </datafield>
   <datafield ind1=" " ind2=" " tag="042">
      <subfield code="a">pcc</subfield>
   </datafield>
   <datafield ind1="0" ind2="0" tag="050">
      <subfield code="a">N7430.5</subfield>
      <subfield code="b">.F498 2015</subfield>
   </datafield>
   <datafield ind1=" " ind2=" " tag="090">
      <subfield code="a">N7430.5 .F498 2015</subfield>
      <subfield code="b">AEGMCT</subfield>
   </datafield>
   <datafield ind1="1" ind2=" " tag="100">
      <subfield code="a">Fichner-Rathus, Lois,</subfield>
      <subfield code="d">1953-</subfield>
      <subfield code="e">author.</subfield>
   </datafield>
   <datafield ind1="1" ind2="0" tag="245">
      <subfield code="a">Foundations of art and design /</subfield>
      <subfield code="c">Lois Fichner-Rathus, the College of New Jersey.</subfield>
   </datafield>
   <datafield ind1=" " ind2=" " tag="250">
      <subfield code="a">Second edition.</subfield>
   </datafield>
   <datafield ind1=" " ind2="1" tag="264">
      <subfield code="a">Stambord, CT :</subfield>
      <subfield code="b">Cengage Learning,</subfield>
      <subfield code="c">[2015]</subfield>
   </datafield>
   <datafield ind1=" " ind2=" " tag="300">
      <subfield code="a">xviii, 315 pages :</subfield>
      <subfield code="b">illustrations (some color) ;</subfield>
      <subfield code="c">28 cm</subfield>
   </datafield>
   <datafield ind1=" " ind2=" " tag="336">
      <subfield code="a">text</subfield>
      <subfield code="b">txt</subfield>
      <subfield code="2">rdacontent</subfield>
   </datafield>
   <datafield ind1=" " ind2=" " tag="336">
      <subfield code="a">still image</subfield>
      <subfield code="b">sti</subfield>
      <subfield code="2">rdacontent</subfield>
   </datafield>
   <datafield ind1=" " ind2=" " tag="337">
      <subfield code="a">unmediated</subfield>
      <subfield code="b">n</subfield>
      <subfield code="2">rdamedia</subfield>
   </datafield>
   <datafield ind1=" " ind2=" " tag="338">
      <subfield code="a">volume</subfield>
      <subfield code="b">nc</subfield>
      <subfield code="2">rdacarrier</subfield>
   </datafield>
   <datafield ind1=" " ind2=" " tag="500">
      <subfield code="a">Includes index.</subfield>
   </datafield>
   <datafield ind1="0" ind2=" " tag="505">
      <subfield code="a">Machine generated contents note: 1.The Creative Impulse -- Looking at Life and Art -- Nature -- Culture -- Art History -- Yourself -- Thinking and Writing about Life and Art: Recording, Interpreting, Communicating -- Understanding Art -- Subject versus Content -- Theory &amp; Practice Giving Form to Experience -- Form -- Content -- Iconography -- Compare &amp; Contrast -- A Style by Any Other Name ... Appropriation and Subversion in Contemporary Art -- Putting It All Together -- The Visual Elements -- Visual Elements -- Principles of Design -- Putting It All Together -- Principles of Design -- Mediums and Techniques -- Style -- Key Terms -- Artists on Art -- Digital Resources -- 2.Line -- Line, Communication, and the Impulse to Order -- Characteristics of Line -- The Measure of Line -- Types and Qualities of Lines -- Directionality of Line: Vertical, Horizontal, and Diagonal -- Compare &amp; Contrast --</subfield>
   </datafield>
   <datafield ind1="0" ind2=" " tag="505">
      <subfield code="a">Contents note continued: The Best of Times and the Worst of Times: Two Revealing Self-Portraits by Vincent van Gogh -- Location of Line -- Actual, Implied, and Psychological Lines -- Line and Shape -- Outline and Contour Line -- Line, Value, and Shape -- Line and Texture -- Interpretation of the Quality of Line -- Closure and Continuity -- The Expressive Language of Line -- Key Terms -- Artists on Art -- Digital Resources -- 3.Shape -- Shape, Form, Volume, and Mass -- Shape -- Form -- Volume -- Mass -- Types of Shape -- Geometric Shapes -- Organic Shapes -- Compare &amp; Contrast -- The Expressive Potential of Shape -- Nonobjective and Abstract Shapes -- Amorphous Shapes and Shapelessness in Art -- Positive and Negative Shapes---Figure and Ground -- Using Shape -- Shape as Icon -- Key Terms -- Artists on Art -- Digital Resources -- 4.Value -- Shades of Gray -- Value Contrast -- Value Pattern -- Low-Key and High-Key Values -- Chiaroscuro --</subfield>
   </datafield>
   <datafield ind1="0" ind2=" " tag="505">
      <subfield code="a">Contents note continued: Theory &amp; Practice The Fundamentals of Chiaroscuro -- Tenebrism -- Highlights and Cast Shadows -- Descriptive and Expressive Properties of Value -- Key Terms -- Artists on Art -- Digital Resources -- 5.Color -- Color and Light -- The Science of Light -- Bringing Color Full Circle -- Additive and Subtractive Colors -- Cool and Warm Colors -- Properties of Color -- Hue -- Value -- Intensity, Chroma, and Saturation -- Color Mixing -- Visual Color Mixing in Practice -- Physical Color Mixing in Practice -- Theory &amp; Practice Interacting with Color -- Color and Principles of Design -- Color and Emphasis -- Color and Balance -- Compare &amp; Contrast -- Everything Old Is New Again: Keith Haring Meets Michelangelo -- Color Schemes: Harmony and Disharmony -- The Monochromatic Color Scheme -- The Analogous Color Scheme -- Complementary Color Schemes -- Split-Complementary Color Schemes -- Triadic Color Schemes -- Color Disharmony -- Local, Optical, and Arbitrary Color --</subfield>
   </datafield>
   <datafield ind1="0" ind2=" " tag="505">
      <subfield code="a">Contents note continued: Color and Symbolism -- Key Terms -- Artists on Art -- Digital Resources -- 6.Texture -- Types of Texture -- Actual Texture -- Compare &amp; Contrast -- Humans vs. Nature: The Raft of the Medusa -- Visual Texture -- Subversive Texture -- Using Texture -- Key Terms -- Artists on Art -- Digital Resources -- 7.Space -- Creating the Illusion of Space -- Relative Size -- Overlapping -- Transparency -- Location -- Atmospheric Perspective -- Linear Perspective -- Compare &amp; Contrast -- So Close and Yet So Far: Perspective, Physical Proximity, and Emotional Distance -- Optical and Conceptual Representation -- Multiple Perspectives -- Amplified Perspective -- Isometric Projection -- Theory &amp; Practice Creating the Illusion of Space in Sculpture -- Actual Space -- Architecture -- Key Terms -- Artists on Art -- Digital Resources -- 8.Time And Motion -- Actual Motion -- Kinetic Art -- Recording Actual Motion -- Illusion of Motion -- Multiple Exposures and Blurred Lines --</subfield>
   </datafield>
   <datafield ind1="0" ind2=" " tag="505">
      <subfield code="a">Contents note continued: Optical Sensations -- Theory &amp; Practice Chasing the Fourth Dimension: Loie Fuller -- Implied Motion -- The Fourth Dimension -- Time and Motion -- Motion Pictures: Film and Video -- Manipulating Time -- Animation -- Key Terms -- Artists on Art -- Digital Resources -- 9.Unity And Variety -- Ways to Achieve Unity -- Proximity -- Repetition -- Color and Value -- Line -- Shape -- Theory &amp; Practice: Unity and Variety in Grant Wood's American Gothic -- Texture -- Continuity -- The Grid -- Unity with Variety -- Repetition -- Contrast -- Structure -- Motif -- Emphasis on Unity -- Emphasis on Variety -- Emphasis on Disunity -- Conceptual and Symbolic Unity and Disunity -- Key Terms -- Artists on Art -- Digital Resources -- 10.Focal Point And Emphasis -- The Relationship between Focal Point and Emphasis -- Methods of Creating Focal Point and Emphasis -- Directional Lines -- Contrast -- Placement -- Isolation -- Theory &amp; Practice Focal Point and Emphasis --</subfield>
   </datafield>
   <datafield ind1="0" ind2=" " tag="505">
      <subfield code="a">Contents note continued: Multiple Focal Points -- Absence of Focal Point -- Key Terms -- Artists on Art -- Digital Resources -- 11.Balance And Rhythm -- Actual Balance -- Pictorial Balance -- Horizontal Balance -- Vertical Balance -- Diagonal Balance -- Radial Balance -- Symmetrical and Asymmetrical Balance -- Symmetrical Balance -- Asymmetrical Balance -- Ways to Achieve Balance -- Value and Color -- Shape and Texture -- Pattern -- Position -- Using Balance and Imbalance -- Rhythm -- Types of Rhythm -- Key Terms -- Artists on Art -- Digital Resources -- 12.Scale And Proportion -- Size and Scale -- The Size of Art -- Relative Size -- Scale in Art -- Hierarchical Scale -- Compare &amp; Contrast -- Symbols, Scale, and Sacred Space -- Size, Scale, and Symbolism -- Proportion -- Theory &amp; Practice Polykleitos's Canon: The Body Beautiful -- The Golden Mean: "Moderation in All Things" -- The Golden Rectangle -- The Spiral -- Fibonacci Numbers -- The Root Five Rectangle -- Key Terms --</subfield>
   </datafield>
   <datafield ind1="0" ind2=" " tag="505">
      <subfield code="a">Contents note continued: Artists on Art -- Digital Resources.</subfield>
   </datafield>
   <datafield ind1=" " ind2=" " tag="596">
      <subfield code="a">29</subfield>
   </datafield>
   <datafield ind1=" " ind2="0" tag="650">
      <subfield code="a">Visual perception.</subfield>
   </datafield>
   <datafield ind1=" " ind2="0" tag="650">
      <subfield code="a">Visual communication in art.</subfield>
   </datafield>
   <datafield ind1=" " ind2=" " tag="949">
      <subfield code="a">N7430.5 .F498 2015</subfield>
      <subfield code="h">GMCT-OS-B</subfield>
      <subfield code="i">1007405820</subfield>
      <subfield code="p">161.30</subfield>
      <subfield code="k">AVAIL_SOON</subfield>
   </datafield>
   <datafield ind1=" " ind2=" " tag="926">
      <subfield code="a">N7430.5 .F498 2015</subfield>
      <subfield code="w">LC</subfield>
      <subfield code="c">1</subfield>
      <subfield code="i">1007405820</subfield>
      <subfield code="d">3/7/2017</subfield>
      <subfield code="e">2/27/2017</subfield>
      <subfield code="l">ON_SHELF</subfield>
      <subfield code="m">GR_MACEWAN</subfield>
      <subfield code="n">4</subfield>
      <subfield code="p">$161.30</subfield>
      <subfield code="q">1</subfield>
      <subfield code="r">Y</subfield>
      <subfield code="s">Y</subfield>
      <subfield code="t">BOOK</subfield>
      <subfield code="u">3/18/2015</subfield>
   </datafield>
</record>
